<record><leader>00000cas a2200000 a 4500</leader><controlfield tag="001">18610454</controlfield><controlfield tag="008">881014d186u186uiluwr ne      0   a0eng c</controlfield><datafield ind1=" " ind2=" " tag="010"><subfield code="a">sn 88061255 </subfield></datafield><datafield ind1=" " ind2=" " tag="040"><subfield code="a">KNP</subfield><subfield code="b">eng</subfield><subfield code="c">KNP</subfield><subfield code="d">NVF</subfield><subfield code="d">KNP</subfield><subfield code="d">NVF</subfield><subfield code="d">OCL</subfield><subfield code="d">NVF</subfield><subfield code="d">OCLCQ</subfield><subfield code="d">NVF</subfield><subfield code="d">OCLCF</subfield><subfield code="d">OCL</subfield><subfield code="d">OCLCO</subfield></datafield><datafield ind1="1" ind2=" " tag="029"><subfield code="a">AU@</subfield><subfield code="b">000020237168</subfield></datafield><datafield ind1=" " ind2=" " tag="042"><subfield code="a">pcc</subfield></datafield><datafield ind1=" " ind2=" " tag="043"><subfield code="a">n-us-il</subfield></datafield><datafield ind1="0" ind2="0" tag="245"><subfield code="a">Champaign County union &amp; gazette.</subfield></datafield><datafield ind1="3" ind2=" " tag="246"><subfield code="a">Champaign County union and gazette</subfield></datafield><datafield ind1="1" ind2="3" tag="246"><subfield code="a">Union and gazette</subfield></datafield><datafield ind1=" " ind2=" " tag="260"><subfield code="a">Champaign City [Champaign, Ill.] :</subfield><subfield code="b">John Carothers</subfield></datafield><datafield ind1=" " ind2=" " tag="300"><subfield code="a">v.</subfield></datafield><datafield ind1=" " ind2=" " tag="310"><subfield code="a">Weekly</subfield></datafield><datafield ind1=" " ind2=" " tag="580"><subfield code="a">Formed by the union of: Champaign County union and: Central Illinois gazette (Champaign, Ill. : 1858).</subfield></datafield><datafield ind1=" " ind2=" " tag="588"><subfield code="a">Description based on: Vol. 12, no. 13 (Jan. 29, 1863).</subfield></datafield><datafield ind1=" " ind2=" " tag="588"><subfield code="a">Latest issue consulted: Vol. 12, no. 41 (Aug. 13, 1863).</subfield></datafield><datafield ind1=" " ind2="0" tag="651"><subfield code="a">Champaign County (Ill.)</subfield><subfield code="v">Newspapers.</subfield></datafield><datafield ind1=" " ind2="7" tag="651"><subfield code="a">Illinois</subfield><subfield code="z">Champaign County.</subfield><subfield code="2">fast</subfield><subfield code="0">(OCoLC)fst01208069</subfield></datafield><datafield ind1=" " ind2="7" tag="655"><subfield code="a">Newspapers.</subfield><subfield code="2">fast</subfield><subfield code="0">(OCoLC)fst01423814</subfield></datafield><datafield ind1=" " ind2=" " tag="752"><subfield code="a">United States</subfield><subfield code="b">Illinois</subfield><subfield code="c">Champaign</subfield><subfield code="d">Champaign.</subfield></datafield><datafield ind1="1" ind2="4" tag="780"><subfield code="t">Champaign County union</subfield><subfield code="w">(DLC)sn 88061254</subfield><subfield code="w">(OCoLC)18610354</subfield></datafield><datafield ind1="1" ind2="4" tag="780"><subfield code="t">Central Illinois gazette (Champaign, Ill. : 1858)</subfield><subfield code="w">(DLC)sn 82014582</subfield><subfield code="w">(OCoLC)8786525</subfield></datafield><datafield ind1="0" ind2="0" tag="785"><subfield code="t">Central Illinois gazette (Champaign, Ill. : 1864)</subfield><subfield code="w">(DLC)sn 88061256</subfield><subfield code="w">(OCoLC)18611546</subfield></datafield></record>